<?xml version="1.0" encoding="UTF-8"?><collection xmlns="http://www.loc.gov/MARC21/slim"><record><leader>00723nam--2200193-i-4500</leader><controlfield tag="001">000028496</controlfield><controlfield tag="002">20161230</controlfield><controlfield tag="005">20161230201037</controlfield><controlfield tag="008">060222s1000------------r-----000-0-eng-d</controlfield><datafield ind1=" " ind2=" " tag="020"><subfield code="a">0127805983</subfield></datafield><datafield ind1=" " ind2=" " tag="040"><subfield code="a">IFIN-HH</subfield></datafield><datafield ind1=" " ind2=" " tag="080"><subfield code="a">539.12.1:539.126.6(042.4)</subfield></datafield><datafield ind1="1" ind2=" " tag="100"><subfield code="a">Zichichi, A</subfield></datafield><datafield ind1="1" ind2="0" tag="245"><subfield code="a">Lepton and hadron structure</subfield><subfield code="b">1974 international school of subnuclear physics a nato-mpi-mrts advanced study innstitute sponsored by the regional sicilian gogernment and the weizmann institute of science erice, trapani - sicily: 14-31 july 1974</subfield><subfield code="c">A. zichichi (ed.)</subfield></datafield><datafield ind1=" " ind2=" " tag="260"><subfield code="a">New York</subfield><subfield code="b">Academic Press</subfield><subfield code="c">1975</subfield></datafield><datafield ind1=" " ind2=" " tag="300"><subfield code="a">X + 951P</subfield></datafield><datafield ind1=" " ind2=" " tag="490"><subfield code="a">Subnuclear Series</subfield></datafield><datafield ind1=" " ind2=" " tag="852"><subfield code="a">45354</subfield><subfield code="c">539.12</subfield></datafield><datafield ind1=" " ind2=" " tag="CAT"><subfield code="a">Sys</subfield><subfield code="c">20111128</subfield><subfield code="h">163919</subfield></datafield></record></collection>